@misc{kaggle_1_2020,
    title = {1. {VGG19}\_Pediatric\_Pneumonia\_Classification},
    url = {https://kaggle.com/code/mohamedelsadek44/1-vgg19-pediatric-pneumonia-classification},
    abstract = {Explore and run machine learning code with Kaggle Notebooks {\textbar} Using data from Pediatric Pneumonia Chest X-ray},
    language = {en},
    urldate = {2025-03-13},
    author = {{Kaggle}},
    year = {2020},
}